@article{maldacena1,
      author         = "Maldacena, Juan Martin",
      title          = "{The Large N limit of superconformal field theories and
                        supergravity}",
      journal        = "Int. J. Theor. Phys.",
      volume         = "38",
      year           = "1999",
      pages          = "1113-1133",
      doi            = "10.1023/A:1026654312961",
      note           = "[Adv. Theor. Math. Phys.2,231(1998)]",
      eprint         = "hep-th/9711200",
      archivePrefix  = "arXiv",
      primaryClass   = "hep-th",
      reportNumber   = "HUTP-97-A097, HUTP-98-A097",
      SLACcitation   = "%%CITATION = HEP-TH/9711200;%%"
}

@article{maldacena2,
      author         = "Maldacena, Juan Martin",
      title          = "{Wilson loops in large N field theories}",
      journal        = "Phys. Rev. Lett.",
      volume         = "80",
      year           = "1998",
      pages          = "4859-4862",
      doi            = "10.1103/PhysRevLett.80.4859",
      eprint         = "hep-th/9803002",
      archivePrefix  = "arXiv",
      primaryClass   = "hep-th",
      reportNumber   = "HUTP-98-A014",
      SLACcitation   = "%%CITATION = HEP-TH/9803002;%%"
}

@article{Bergner:2016sbv,
      author         = "Bergner, Georg and Catterall, Simon",
      title          = "{Supersymmetry on the lattice}",
      year           = "2016",
      eprint         = "1603.04478",
      archivePrefix  = "arXiv",
      primaryClass   = "hep-lat",
      SLACcitation   = "%%CITATION = ARXIV:1603.04478;%%"
}

@article{Catterall_physrept,
      author         = "Catterall, Simon and Kaplan, David B. and Unsal, Mithat",
      title          = "{Exact lattice supersymmetry}",
      journal        = "Phys. Rept.",
      volume         = "484",
      year           = "2009",
      pages          = "71-130",
      doi            = "10.1016/j.physrep.2009.09.001",
      eprint         = "0903.4881",
      archivePrefix  = "arXiv",
      primaryClass   = "hep-lat",
      reportNumber   = "INT-PUB-09-014, SLAC-PUB-13567, SU-4252-887",
      SLACcitation   = "%%CITATION = ARXIV:0903.4881;%%"
}

@article{Roiban,
      author         = "McKeown, R.W. and Roiban, R.",
      title          = "{The quantum $AdS_5 \times S^5$ superstring at finite
                        coupling}",
      year           = "2013",
      eprint         = "1308.4875",
      archivePrefix  = "arXiv",
      primaryClass   = "hep-th",
      SLACcitation   = "%%CITATION = ARXIV:1308.4875;%%",
}

@article{Cartier:2002zp,
      author         = "Cartier, Pierre and DeWitt-Morette, Cecile and Ihl,
                        Matthias and Saemann, Christian",
      title          = "{Supermanifolds: Application to supersymmetry}",
      year           = "2002",
      eprint         = "math-ph/0202026",
      archivePrefix  = "arXiv",
      primaryClass   = "math-ph",
      SLACcitation   = "%%CITATION = MATH-PH/0202026;%%"
}

@book{Berezin,
   title =     {Introduction to Superanalysis},
   author =    {Berezin,Felix Alexandrovich and Kirillov (eds.),A. A.},
   publisher = {Springer Netherlands},
   isbn =      {9789027716682,9027716684},
   year =      {1987},
   series =    {Mathematical Physics and Applied Mathematics 9},
   edition =   {1},
   volume =    {},
}

@article{Giombi:2009gd,
      author         = "Giombi, S. and Ricci, R. and Roiban, R. and Tseytlin, A.
                        A. and Vergu, C.",
      title          = "{Quantum AdS(5) x S5 superstring in the AdS light-cone
                        gauge}",
      journal        = "JHEP",
      volume         = "03",
      year           = "2010",
      pages          = "003",
      doi            = "10.1007/JHEP03(2010)003",
      eprint         = "0912.5105",
      archivePrefix  = "arXiv",
      primaryClass   = "hep-th",
      reportNumber   = "IMPERIAL-TP-RR-02-2009, BROWN-HET-1597",
      SLACcitation   = "%%CITATION = ARXIV:0912.5105;%%"
}

@book{gattringer2009quantum,
  title={Quantum Chromodynamics on the Lattice: An Introductory Presentation},
  author={Gattringer, C. and Lang, C.},
  isbn={9783642018497},
  lccn={2009934009},
  series={Lecture Notes in Physics},
  url={http://www.springer.com/us/book/9783642018497#aboutBook},
  year={2009},
  publisher={Springer Berlin Heidelberg}
}

@book{montvay_lattice,
   title =     {Quantum fields on a lattice},
   author =    {Montvay, Istvan and MÃ¼nster, Gernot},
   publisher = {Cambridge University Press},
   isbn =      {0521404320,9780521404327},
   year =      {1994},
   series =    {Cambridge monographs on mathematical physics},
   edition =   {},
   volume =    {}
}

@book{peskin,
   title =     {An introduction to quantum field theory},
   author =    {Michael E. Peskin and Dan V. Schroeder},
   publisher = {Addison-Wesley Pub. Co},
   isbn =      {0201503972,9780201503975},
   year =      {1995},
   series =    {Frontiers in Physics},
   edition =   {},
   volume =    {}
}

@book{mc_methods,
   title =     {Monte Carlo Methods},
   author =    {Malvin H. Kalos and Paula A. Whitlock},
   publisher = {Wiley-VCH},
   isbn =      {352740760X,9783527407606},
   year =      {2008},
   series =    {},
   edition =   {2},
   volume =    {},
}

@book{rothe,
   title =     {Lattice Gauge Theories: An Introduction },
   author =    {Heinz J. Rothe},
   publisher = {World Scientific Publishing Company},
   isbn =      {9812560629,9789812560629,9789812567826},
   year =      {2005},
   series =    {World Scientific Lecture Notes in Physics},
   edition =   {3},
   volume =    {},
}

@article{hmc,
title = "Hybrid Monte Carlo",
journal = "Physics Letters B",
volume = "195",
number = "2",
pages = "216 - 222",
year = "1987",
note = "",
issn = "0370-2693",
doi = "10.1016/0370-2693(87)91197-X",
author = "Simon Duane and A.D. Kennedy and Brian J. Pendleton and Duncan Roweth",
abstract = "We present a new method for the numerical simulation of lattice field theory. A hybrid (molecular dynamics/Langevin) algorithm is used to guide a Monte Carlo simulation. There are no discretization errors even for large step sizes. The method is especially efficient for systems such as quantum chromodynamics which contain fermionic degrees of freedom. Detailed results are presented for four-dimensional compact quantum electrodynamics including the dynamical effects of electrons."
}

@book{Ammon:2015wua,
      author         = "Ammon, Martin and Erdmenger, Johanna",
      title          = "{Gauge/gravity duality}",
      publisher      = "Cambridge Univ. Pr.",
      address        = "Cambridge, UK",
      year           = "2015",
      url            = "http://www.cambridge.org/de/academic/subjects/physics/theoretical-physics-and-mathematical-physics/gaugegravity-duality-foundations-and-applications",
      ISBN           = "9781107010345",
      SLACcitation   = "%%CITATION = INSPIRE-1376202;%%"
}

@article{Witten:1998qj,
      author         = "Witten, Edward",
      title          = "{Anti-de Sitter space and holography}",
      journal        = "Adv. Theor. Math. Phys.",
      volume         = "2",
      year           = "1998",
      pages          = "253-291",
      eprint         = "hep-th/9802150",
      archivePrefix  = "arXiv",
      primaryClass   = "hep-th",
      reportNumber   = "IASSNS-HEP-98-15",
      SLACcitation   = "%%CITATION = HEP-TH/9802150;%%"
}

@article{BRINK197777,
title = "Supersymmetric Yang-Mills theories",
journal = "Nuclear Physics B",
volume = "121",
number = "1",
pages = "77 - 92",
year = "1977",
note = "",
issn = "0550-3213",
doi = "10.1016/0550-3213(77)90328-5",
author = "Lars Brink and John H. Schwarz and J. Scherk",
}

@article{Gubser:2002tv,
      author         = "Gubser, S. S. and Klebanov, I. R. and Polyakov, Alexander
                        M.",
      title          = "{A Semiclassical limit of the gauge / string
                        correspondence}",
      journal        = "Nucl. Phys.",
      volume         = "B636",
      year           = "2002",
      pages          = "99-114",
      doi            = "10.1016/S0550-3213(02)00373-5",
      eprint         = "hep-th/0204051",
      archivePrefix  = "arXiv",
      primaryClass   = "hep-th",
      reportNumber   = "PUPT-2029",
      SLACcitation   = "%%CITATION = HEP-TH/0204051;%%"
}

@article{POLYAKOV1980171,
title = "Gauge fields as rings of glue",
journal = "Nuclear Physics B",
volume = "164",
number = "",
pages = "171 - 188",
year = "1980",
note = "",
issn = "0550-3213",
doi = "10.1016/0550-3213(80)90507-6",
author = "A.M. Polyakov",
}

@article{Kruczenski:2002fb,
      author         = "Kruczenski, Martin",
      title          = "{A Note on twist two operators in N=4 SYM and Wilson
                        loops in Minkowski signature}",
      journal        = "JHEP",
      volume         = "12",
      year           = "2002",
      pages          = "024",
      doi            = "10.1088/1126-6708/2002/12/024",
      eprint         = "hep-th/0210115",
      archivePrefix  = "arXiv",
      primaryClass   = "hep-th",
      SLACcitation   = "%%CITATION = HEP-TH/0210115;%%"
}

@article{Korchemsky:1992xv,
      author         = "Korchemsky, G. P. and Marchesini, G.",
      title          = "{Structure function for large x and renormalization of
                        Wilson loop}",
      journal        = "Nucl. Phys.",
      volume         = "B406",
      year           = "1993",
      pages          = "225-258",
      doi            = "10.1016/0550-3213(93)90167-N",
      eprint         = "hep-ph/9210281",
      archivePrefix  = "arXiv",
      primaryClass   = "hep-ph",
      reportNumber   = "UPRF-92-354",
      SLACcitation   = "%%CITATION = HEP-PH/9210281;%%"
}

@article{Beisert:2006ez,
      author         = "Beisert, Niklas and Eden, Burkhard and Staudacher,
                        Matthias",
      title          = "{Transcendentality and Crossing}",
      journal        = "J. Stat. Mech.",
      volume         = "0701",
      year           = "2007",
      pages          = "P01021",
      doi            = "10.1088/1742-5468/2007/01/P01021",
      eprint         = "hep-th/0610251",
      archivePrefix  = "arXiv",
      primaryClass   = "hep-th",
      reportNumber   = "AEI-2006-079, ITP-UU-06-44, SPIN-06-34",
      SLACcitation   = "%%CITATION = HEP-TH/0610251;%%"
}

@article{Kruczenski:2007cy,
      author         = "Kruczenski, M. and Roiban, R. and Tirziu, A. and
                        Tseytlin, Arkady A.",
      title          = "{Strong-coupling expansion of cusp anomaly and gluon
                        amplitudes from quantum open strings in AdS(5) x S**5}",
      journal        = "Nucl. Phys.",
      volume         = "B791",
      year           = "2008",
      pages          = "93-124",
      doi            = "10.1016/j.nuclphysb.2007.09.005",
      eprint         = "0707.4254",
      archivePrefix  = "arXiv",
      primaryClass   = "hep-th",
      reportNumber   = "IMPERIAL-TP-AT-2007-2",
      SLACcitation   = "%%CITATION = ARXIV:0707.4254;%%"
}

@article{Metsaev:2000yf,
      author         = "Metsaev, R. R. and Tseytlin, Arkady A.",
      title          = "{Superstring action in AdS(5) x S**5. Kappa symmetry
                        light cone gauge}",
      journal        = "Phys. Rev.",
      volume         = "D63",
      year           = "2001",
      pages          = "046002",
      doi            = "10.1103/PhysRevD.63.046002",
      eprint         = "hep-th/0007036",
      archivePrefix  = "arXiv",
      primaryClass   = "hep-th",
      reportNumber   = "FIAN-TD-00-09, OHSTPY-HEP-T-00-008",
      SLACcitation   = "%%CITATION = HEP-TH/0007036;%%"
}

@article{Metsaev:2000yu,
      author         = "Metsaev, R. R. and Thorn, Charles B. and Tseytlin, Arkady
                        A.",
      title          = "{Light cone superstring in AdS space-time}",
      journal        = "Nucl. Phys.",
      volume         = "B596",
      year           = "2001",
      pages          = "151-184",
      doi            = "10.1016/S0550-3213(00)00712-4",
      eprint         = "hep-th/0009171",
      archivePrefix  = "arXiv",
      primaryClass   = "hep-th",
      reportNumber   = "FIAN-TD-00-14, OHSTPY-HEP-T-00-017, UFIFT-HEP-00-26",
      SLACcitation   = "%%CITATION = HEP-TH/0009171;%%"
}

@article{Metsaev:1998it,
      author         = "Metsaev, R. R. and Tseytlin, Arkady A.",
      title          = "{Type IIB superstring action in AdS(5) x S**5
                        background}",
      journal        = "Nucl. Phys.",
      volume         = "B533",
      year           = "1998",
      pages          = "109-126",
      doi            = "10.1016/S0550-3213(98)00570-7",
      eprint         = "hep-th/9805028",
      archivePrefix  = "arXiv",
      primaryClass   = "hep-th",
      reportNumber   = "FIAN-TD-98-21, IMPERIAL-TP-97-98-44, NSF-ITP-98-055",
      SLACcitation   = "%%CITATION = HEP-TH/9805028;%%"
}

@article{Bayona:2005nq,
      author         = "Bayona, Carlos Alfonso and Braga, Nelson R. F.",
      title          = "{Anti-de Sitter boundary in Poincare coordinates}",
      journal        = "Gen. Rel. Grav.",
      volume         = "39",
      year           = "2007",
      pages          = "1367-1379",
      doi            = "10.1007/s10714-007-0446-y",
      eprint         = "hep-th/0512182",
      archivePrefix  = "arXiv",
      primaryClass   = "hep-th",
      SLACcitation   = "%%CITATION = HEP-TH/0512182;%%"
}

@article{Beisert:2010jr,
      author         = "Beisert, Niklas and others",
      title          = "{Review of AdS/CFT Integrability: An Overview}",
      journal        = "Lett. Math. Phys.",
      volume         = "99",
      year           = "2012",
      pages          = "3-32",
      doi            = "10.1007/s11005-011-0529-2",
      eprint         = "1012.3982",
      archivePrefix  = "arXiv",
      primaryClass   = "hep-th",
      reportNumber   = "AEI-2010-175, CERN-PH-TH-2010-306, HU-EP-10-87,
                        HU-MATH-2010-22, KCL-MTH-10-10, UMTG-270, UUITP-41-10",
      SLACcitation   = "%%CITATION = ARXIV:1012.3982;%%"
}

@book{Polchinski:1998rq,
      author         = "Polchinski, J.",
      title          = "{String theory. Vol. 1: An introduction to the bosonic
                        string}",
      publisher      = "Cambridge University Press",
      year           = "2007",
      ISBN           = "9780511252273, 9780521672276, 9780521633031",
      SLACcitation   = "%%CITATION = INSPIRE-487240;%%"
}

@book{Polchinski:1998rr,
      author         = "Polchinski, J.",
      title          = "{String theory. Vol. 2: Superstring theory and beyond}",
      publisher      = "Cambridge University Press",
      year           = "2007",
      ISBN           = "9780511252280, 9780521633048, 9780521672283",
      SLACcitation   = "%%CITATION = INSPIRE-487241;%%"
}

@article{Arutyunov:2009ga,
      author         = "Arutyunov, Gleb and Frolov, Sergey",
      title          = "{Foundations of the $AdS_5 \times S^5$ Superstring. Part I}",
      journal        = "J. Phys.",
      volume         = "A42",
      year           = "2009",
      pages          = "254003",
      doi            = "10.1088/1751-8113/42/25/254003",
      eprint         = "0901.4937",
      archivePrefix  = "arXiv",
      primaryClass   = "hep-th",
      reportNumber   = "ITP-UU-09-05, SPIN-09-05, TCD-MATH-09-06, HMI-09-03",
      SLACcitation   = "%%CITATION = ARXIV:0901.4937;%%"
}

@article{Giombi:2010bj,
      author         = "Giombi, S. and Ricci, R. and Roiban, R. and Tseytlin, A.
                        A.",
      title          = "{Quantum dispersion relations for excitations of long
                        folded spinning superstring in $AdS_5 x S^5$}",
      journal        = "JHEP",
      volume         = "01",
      year           = "2011",
      pages          = "128",
      doi            = "10.1007/JHEP01(2011)128",
      eprint         = "1011.2755",
      archivePrefix  = "arXiv",
      primaryClass   = "hep-th",
      SLACcitation   = "%%CITATION = ARXIV:1011.2755;%%"
}

@book{Becker:2007zj,
      author         = "Becker, K. and Becker, M. and Schwarz, J. H.",
      title          = "{String theory and M-theory: A modern introduction}",
      publisher      = "Cambridge University Press",
      year           = "2006",
      ISBN           = "9780511254864, 9780521860697",
      SLACcitation   = "%%CITATION = INSPIRE-744404;%%"
}

@article{Wolff:2003sm,
      author         = "Wolff, Ulli",
      title          = "{Monte Carlo errors with less errors}",
      collaboration  = "ALPHA",
      journal        = "Comput. Phys. Commun.",
      volume         = "156",
      year           = "2004",
      pages          = "143-153",
      doi            = "10.1016/S0010-4655(03)00467-3, 10.1016/j.cpc.2006.12.001",
      note           = "[Erratum: Comput. Phys. Commun.176,383(2007)]",
      eprint         = "hep-lat/0306017",
      archivePrefix  = "arXiv",
      primaryClass   = "hep-lat",
      reportNumber   = "HU-EP-03-32, SFB-CPP-03-12",
      SLACcitation   = "%%CITATION = HEP-LAT/0306017;%%"
}

@article{Abbott:2016blz,
      author         = "Abbott, B. P. and others",
      title          = "{Observation of Gravitational Waves from a Binary Black
                        Hole Merger}",
      collaboration  = "Virgo, LIGO Scientific",
      journal        = "Phys. Rev. Lett.",
      volume         = "116",
      year           = "2016",
      number         = "6",
      pages          = "061102",
      doi            = "10.1103/PhysRevLett.116.061102",
      eprint         = "1602.03837",
      archivePrefix  = "arXiv",
      primaryClass   = "gr-qc",
      reportNumber   = "LIGO-P150914",
      SLACcitation   = "%%CITATION = ARXIV:1602.03837;%%"
}

@article{Abbott:2016nmj,
      author         = "Abbott, B. P. and others",
      title          = "{GW151226: Observation of Gravitational Waves from a
                        22-Solar-Mass Binary Black Hole Coalescence}",
      collaboration  = "Virgo, LIGO Scientific",
      journal        = "Phys. Rev. Lett.",
      volume         = "116",
      year           = "2016",
      number         = "24",
      pages          = "241103",
      doi            = "10.1103/PhysRevLett.116.241103",
      eprint         = "1606.04855",
      archivePrefix  = "arXiv",
      primaryClass   = "gr-qc",
      reportNumber   = "LIGO-P151226",
      SLACcitation   = "%%CITATION = ARXIV:1606.04855;%%"
}

@article{Chatrchyan:2012xdj,
      author         = "Chatrchyan, Serguei and others",
      title          = "{Observation of a new boson at a mass of 125 GeV with the
                        CMS experiment at the LHC}",
      collaboration  = "CMS",
      journal        = "Phys. Lett.",
      volume         = "B716",
      year           = "2012",
      pages          = "30-61",
      doi            = "10.1016/j.physletb.2012.08.021",
      eprint         = "1207.7235",
      archivePrefix  = "arXiv",
      primaryClass   = "hep-ex",
      reportNumber   = "CMS-HIG-12-028, CERN-PH-EP-2012-220",
      SLACcitation   = "%%CITATION = ARXIV:1207.7235;%%"
}

@article{Aad:2012tfa,
      author         = "Aad, Georges and others",
      title          = "{Observation of a new particle in the search for the
                        Standard Model Higgs boson with the ATLAS detector at the
                        LHC}",
      collaboration  = "ATLAS",
      journal        = "Phys. Lett.",
      volume         = "B716",
      year           = "2012",
      pages          = "1-29",
      doi            = "10.1016/j.physletb.2012.08.020",
      eprint         = "1207.7214",
      archivePrefix  = "arXiv",
      primaryClass   = "hep-ex",
      reportNumber   = "CERN-PH-EP-2012-218",
      SLACcitation   = "%%CITATION = ARXIV:1207.7214;%%"
}

@article{Veneziano:1968yb,
      author         = "Veneziano, G.",
      title          = "{Construction of a crossing - symmetric, Regge behaved
                        amplitude for linearly rising trajectories}",
      journal        = "Nuovo Cim.",
      volume         = "A57",
      year           = "1968",
      pages          = "190-197",
      doi            = "10.1007/BF02824451",
      SLACcitation   = "%%CITATION = NUCIA,A57,190;%%"
}

@article{Bianchi:2016cyv,
      author         = "Bianchi, Lorenzo and Bianchi, Marco S. and Forini,
                        Valentina and Leder, BjÃ¶rn and Vescovi, Edoardo",
      title          = "{Green-Schwarz superstring on the lattice}",
      journal        = "JHEP",
      volume         = "07",
      year           = "2016",
      pages          = "014",
      doi            = "10.1007/JHEP07(2016)014",
      eprint         = "1605.01726",
      archivePrefix  = "arXiv",
      primaryClass   = "hep-th",
      reportNumber   = "HU-EP-16-11, QMUL-PH-16-09",
      SLACcitation   = "%%CITATION = ARXIV:1605.01726;%%"
}

@article{Forini:2016sot,
      author         = "Forini, Valentina and Bianchi, Lorenzo and Bianchi, Marco
                        S. and Leder, BjÃ¶rn and Vescovi, Edoardo",
      title          = "{Lattice and string worldsheet in AdS/CFT: a numerical
                        study}",
      booktitle      = "{Proceedings, 33rd International Symposium on Lattice
                        Field Theory (Lattice 2015): Kobe, Japan, July 14-18,
                        2015}",
      journal        = "PoS",
      volume         = "LATTICE2015",
      year           = "2016",
      pages          = "244",
      eprint         = "1601.04670",
      archivePrefix  = "arXiv",
      primaryClass   = "hep-lat",
      reportNumber   = "HU-EP-16-04, QMUL-PH-16-01",
      SLACcitation   = "%%CITATION = ARXIV:1601.04670;%%"
}

@article{Bern:2006ew,
      author         = "Bern, Zvi and Czakon, Michael and Dixon, Lance J. and
                        Kosower, David A. and Smirnov, Vladimir A.",
      title          = "{The Four-Loop Planar Amplitude and Cusp Anomalous
                        Dimension in Maximally Supersymmetric Yang-Mills Theory}",
      journal        = "Phys. Rev.",
      volume         = "D75",
      year           = "2007",
      pages          = "085010",
      doi            = "10.1103/PhysRevD.75.085010",
      eprint         = "hep-th/0610248",
      archivePrefix  = "arXiv",
      primaryClass   = "hep-th",
      reportNumber   = "SLAC-PUB-12172, UCLA-06-TEP-28, SACLAY-SPHT-T06-135",
      SLACcitation   = "%%CITATION = HEP-TH/0610248;%%"
}

@article{Frolov:2002av,
      author         = "Frolov, S. and Tseytlin, Arkady A.",
      title          = "{Semiclassical quantization of rotating superstring in
                        AdS(5) x S**5}",
      journal        = "JHEP",
      volume         = "06",
      year           = "2002",
      pages          = "007",
      doi            = "10.1088/1126-6708/2002/06/007",
      eprint         = "hep-th/0204226",
      archivePrefix  = "arXiv",
      primaryClass   = "hep-th",
      SLACcitation   = "%%CITATION = HEP-TH/0204226;%%"
}

@article{Ferrenberg:1988yz,
      author         = "Ferrenberg, A. M. and Swendsen, R. H.",
      title          = "{New Monte Carlo Technique for Studying Phase
                        Transitions}",
      journal        = "Phys. Rev. Lett.",
      volume         = "61",
      year           = "1988",
      pages          = "2635-2638",
      doi            = "10.1103/PhysRevLett.61.2635",
      SLACcitation   = "%%CITATION = PRLTA,61,2635;%%"
}

@article{Luscher:2008tw,
      author         = "Luscher, Martin and Palombi, Filippo",
      title          = "{Fluctuations and reweighting of the quark determinant on
                        large lattices}",
      booktitle      = "{Proceedings, 26th International Symposium on Lattice
                        field theory (Lattice 2008): Williamsburg, USA, July
                        14-19, 2008}",
      journal        = "PoS",
      volume         = "LATTICE2008",
      year           = "2008",
      pages          = "049",
      eprint         = "0810.0946",
      archivePrefix  = "arXiv",
      primaryClass   = "hep-lat",
      reportNumber   = "CERN-PH-TH-2008-205",
      SLACcitation   = "%%CITATION = ARXIV:0810.0946;%%"
}

@article{Finkenrath:2013soa,
      author         = "Finkenrath, Jacob and Knechtli, Francesco and Leder,
                        BjÃ¶rn",
      title          = "{One flavor mass reweighting in lattice QCD}",
      journal        = "Nucl. Phys.",
      volume         = "B877",
      year           = "2013",
      pages          = "441-456",
      doi            = "10.1016/j.nuclphysb.2013.10.019,
                        10.1016/j.nuclphysb.2014.01.019",
      note           = "[Erratum: Nucl. Phys.B880,574(2014)]",
      eprint         = "1306.3962",
      archivePrefix  = "arXiv",
      primaryClass   = "hep-lat",
      SLACcitation   = "%%CITATION = ARXIV:1306.3962;%%"
}